<?xml version="1.0" encoding="UTF-8"?><collection xmlns="http://www.loc.gov/MARC21/slim"><record><leader>00469nam--2200133-i-4500</leader><controlfield tag="001">000031548</controlfield><controlfield tag="002">20161230</controlfield><controlfield tag="005">20161230201038</controlfield><controlfield tag="008">060222s1000------------r-----000-0-eng-d</controlfield><datafield ind1=" " ind2=" " tag="080"><subfield code="a">530.1</subfield></datafield><datafield ind1=" " ind2=" " tag="245"><subfield code="a">Mascience symposia on theoretical physics. lectures presented at the 1963 first anniversary symposium of the institute of mathematical sciences, madras, india</subfield></datafield><datafield ind1=" " ind2=" " tag="260"><subfield code="a">New York, Plenum Press, 1966, Xiii + 163p.+ Add</subfield></datafield><datafield ind1=" " ind2=" " tag="700"><subfield code="a">Ramakrishnan, Alladi</subfield></datafield><datafield ind1=" " ind2=" " tag="852"><subfield code="a">23484</subfield></datafield></record></collection>